@conference{memspy,
  title={{MemSpy: analyzing memory system bottlenecks in programs}},
  author={Martonosi, M. and Gupta, A. and Anderson, T.},
  booktitle={Proceedings of the 1992 ACM SIGMETRICS joint international conference on Measurement and modeling of computer systems},
  pages={1--12},
  year={1992},
  organization={ACM New York, NY, USA}
}

@conference{sigma,
  title={{SIGMA: A simulator infrastructure to guide memory analysis}},
  author={DeRose, L. and Ekanadham, K. and Hollingsworth, J.K. and Sbaraglia, S.},
  booktitle={Proceedings of the 2002 ACM/IEEE conference on Supercomputing},
  pages={1--13},
  year={2002},
  organization={IEEE Computer Society Press Los Alamitos, CA, USA}
}
